% -------------------------------------------------------------------------->
% -------------------------------------------------------------------------->
% Point base merging papers.

@article{Weinberg:1967tq,
    author = "Weinberg, Steven",
    title = "{A Model of Leptons}",
    doi = "10.1103/PhysRevLett.19.1264",
    journal = "Phys. Rev. Lett.",
    volume = "19",
    pages = "1264--1266",
    year = "1967",
    note = {URL: {\color{cyan}https://journals.aps.org/prl/abstract/10.1103/PhysRevLett.19.1264}}
}

@article{Campbell:2011bn,
    author = "Campbell, John M. and Ellis, R. Keith and Williams, Ciaran",
    title = "{Vector boson pair production at the LHC}",
    eprint = "1105.0020",
    archivePrefix = "arXiv",
    primaryClass = "hep-ph",
    reportNumber = "FERMILAB-PUB-11-182-T",
    doi = "10.1007/JHEP07(2011)018",
    journal = "JHEP",
    volume = "07",
    pages = "018",
    year = "2011",
    note = {URL: {\color{cyan}https://link.springer.com/article/10.1007/JHEP07(2011)018}}
}

@article{Frederix:2021agh,
    author = "Frederix, Rikkert and Tsinikos, Ioannis",
    title = "{On improving NLO merging for $ \mathrm{t}\overline{\mathrm{t}}\mathrm{W} $ production}",
    eprint = "2108.07826",
    archivePrefix = "arXiv",
    primaryClass = "hep-ph",
    reportNumber = "LU-TP 21-34",
    doi = "10.1007/JHEP11(2021)029",
    journal = "JHEP",
    volume = "11",
    pages = "029",
    year = "2021",
    note = {URL: {\color{cyan}https://link.springer.com/article/10.1007/JHEP11(2021)029}}
}

@article{Kulesza:2020nfh,
    author = {Kulesza, Anna and Motyka, Leszek and Schwartl\"ander, Daniel and Stebel, Tomasz and Theeuwes, Vincent},
    title = "{Associated top quark pair production with a heavy boson: differential cross sections at NLO+NNLL accuracy}",
    eprint = "2001.03031",
    archivePrefix = "arXiv",
    primaryClass = "hep-ph",
    reportNumber = "MS-TP-20-01",
    doi = "10.1140/epjc/s10052-020-7987-6",
    journal = "Eur. Phys. J. C",
    volume = "80",
    number = "5",
    pages = "428",
    year = "2020",
    note = {URL: {\color{cyan}https://link.springer.com/article/10.1140/epjc/s10052-020-7987-6}}
}

@article{Czakon:2011xx,
    author = "Czakon, Michal and Mitov, Alexander",
    title = "{Top++: A Program for the Calculation of the Top-Pair Cross-Section at Hadron Colliders}",
    eprint = "1112.5675",
    archivePrefix = "arXiv",
    primaryClass = "hep-ph",
    reportNumber = "CERN-PH-TH-2011-303, TTK-11-58",
    doi = "10.1016/j.cpc.2014.06.021",
    journal = "Comput. Phys. Commun.",
    volume = "185",
    pages = "2930",
    year = "2014",
    note = {URL: {\color{cyan}https://www.sciencedirect.com/science/article/pii/S0010465514002264}}
}

@article{Li:2012wna,
    author = "Li, Ye and Petriello, Frank",
    title = "{Combining QCD and electroweak corrections to dilepton production in FEWZ}",
    eprint = "1208.5967",
    archivePrefix = "arXiv",
    primaryClass = "hep-ph",
    reportNumber = "ANL-HEP-PR-12-68",
    doi = "10.1103/PhysRevD.86.094034",
    journal = "Phys. Rev. D",
    volume = "86",
    pages = "094034",
    year = "2012",
    note = {URL: {\color{cyan}https://journals.aps.org/prd/abstract/10.1103/PhysRevD.86.094034}}
}
